%YAML 1.1
%TAG !u! tag:unity3d.com,2011:
--- !u!29 &1
OcclusionCullingSettings:
  m_ObjectHideFlags: 0
  serializedVersion: 2
  m_OcclusionBakeSettings:
    smallestOccluder: 5
    smallestHole: 0.25
    backfaceThreshold: 100
  m_SceneGUID: 00000000000000000000000000000000
  m_OcclusionCullingData: {fileID: 0}
--- !u!104 &2
RenderSettings:
  m_ObjectHideFlags: 0
  serializedVersion: 7
  m_Fog: 0
  m_FogColor: {r: 0.5, g: 0.5, b: 0.5, a: 1}
  m_FogMode: 3
  m_FogDensity: 0.01
  m_LinearFogStart: 0
  m_LinearFogEnd: 300
  m_AmbientSkyColor: {r: 0.212, g: 0.227, b: 0.259, a: 1}
  m_AmbientEquatorColor: {r: 0.114, g: 0.125, b: 0.133, a: 1}
  m_AmbientGroundColor: {r: 0.047, g: 0.043, b: 0.035, a: 1}
  m_AmbientIntensity: 1
  m_AmbientMode: 3
  m_SkyboxMaterial: {fileID: 0}
  m_HaloStrength: 0.5
  m_FlareStrength: 1
  m_FlareFadeSpeed: 3
  m_HaloTexture: {fileID: 0}
  m_SpotCookie: {fileID: 10001, guid: 0000000000000000e000000000000000, type: 0}
  m_DefaultReflectionMode: 0
  m_DefaultReflectionResolution: 128
  m_ReflectionBounces: 1
  m_ReflectionIntensity: 1
  m_CustomReflection: {fileID: 0}
  m_Sun: {fileID: 0}
  m_IndirectSpecularColor: {r: 0, g: 0, b: 0, a: 1}
--- !u!157 &3
LightmapSettings:
  m_ObjectHideFlags: 0
  serializedVersion: 7
  m_GIWorkflowMode: 1
  m_GISettings:
    serializedVersion: 2
    m_BounceScale: 1
    m_IndirectOutputScale: 1
    m_AlbedoBoost: 1
    m_TemporalCoherenceThreshold: 1
    m_EnvironmentLightingMode: 0
    m_EnableBakedLightmaps: 0
    m_EnableRealtimeLightmaps: 0
  m_LightmapEditorSettings:
    serializedVersion: 4
    m_Resolution: 2
    m_BakeResolution: 40
    m_TextureWidth: 1024
    m_TextureHeight: 1024
    m_AO: 0
    m_AOMaxDistance: 1
    m_CompAOExponent: 1
    m_CompAOExponentDirect: 0
    m_Padding: 2
    m_LightmapParameters: {fileID: 0}
    m_LightmapsBakeMode: 1
    m_TextureCompression: 1
    m_DirectLightInLightProbes: 1
    m_FinalGather: 0
    m_FinalGatherFiltering: 1
    m_FinalGatherRayCount: 256
    m_ReflectionCompression: 2
  m_LightingDataAsset: {fileID: 0}
  m_RuntimeCPUUsage: 25
--- !u!196 &4
NavMeshSettings:
  serializedVersion: 2
  m_ObjectHideFlags: 0
  m_BuildSettings:
    serializedVersion: 2
    agentTypeID: 0
    agentRadius: 0.5
    agentHeight: 2
    agentSlope: 45
    agentClimb: 0.4
    ledgeDropHeight: 0
    maxJumpAcrossDistance: 0
    minRegionArea: 2
    manualCellSize: 0
    cellSize: 0.16666667
    accuratePlacement: 0
  m_NavMeshData: {fileID: 0}
--- !u!1 &274784894 stripped
GameObject:
  m_PrefabParentObject: {fileID: 1983808608210800, guid: 48da096e7f68da441a51bf12d7cd0d61,
    type: 2}
  m_PrefabInternal: {fileID: 1869443053}
--- !u!4 &274784900 stripped
Transform:
  m_PrefabParentObject: {fileID: 4844323626168508, guid: 48da096e7f68da441a51bf12d7cd0d61,
    type: 2}
  m_PrefabInternal: {fileID: 1869443053}
--- !u!114 &274784901
MonoBehaviour:
  m_ObjectHideFlags: 0
  m_PrefabParentObject: {fileID: 0}
  m_PrefabInternal: {fileID: 0}
  m_GameObject: {fileID: 274784894}
  m_Enabled: 1
  m_EditorHideFlags: 0
  m_Script: {fileID: 11500000, guid: 5361aeb313afffb4bb7171e3c588d98e, type: 3}
  m_Name: 
  m_EditorClassIdentifier: 
--- !u!1001 &704026833
Prefab:
  m_ObjectHideFlags: 0
  serializedVersion: 2
  m_Modification:
    m_TransformParent: {fileID: 0}
    m_Modifications:
    - target: {fileID: 4053726500571918, guid: 20b3a934bcd4d794a94f89d3beffb127, type: 2}
      propertyPath: m_LocalPosition.x
      value: 0
      objectReference: {fileID: 0}
    - target: {fileID: 4053726500571918, guid: 20b3a934bcd4d794a94f89d3beffb127, type: 2}
      propertyPath: m_LocalPosition.y
      value: 0
      objectReference: {fileID: 0}
    - target: {fileID: 4053726500571918, guid: 20b3a934bcd4d794a94f89d3beffb127, type: 2}
      propertyPath: m_LocalPosition.z
      value: 0
      objectReference: {fileID: 0}
    - target: {fileID: 4053726500571918, guid: 20b3a934bcd4d794a94f89d3beffb127, type: 2}
      propertyPath: m_LocalRotation.x
      value: 0
      objectReference: {fileID: 0}
    - target: {fileID: 4053726500571918, guid: 20b3a934bcd4d794a94f89d3beffb127, type: 2}
      propertyPath: m_LocalRotation.y
      value: 0
      objectReference: {fileID: 0}
    - target: {fileID: 4053726500571918, guid: 20b3a934bcd4d794a94f89d3beffb127, type: 2}
      propertyPath: m_LocalRotation.z
      value: 0
      objectReference: {fileID: 0}
    - target: {fileID: 4053726500571918, guid: 20b3a934bcd4d794a94f89d3beffb127, type: 2}
      propertyPath: m_LocalRotation.w
      value: 1
      objectReference: {fileID: 0}
    - target: {fileID: 4053726500571918, guid: 20b3a934bcd4d794a94f89d3beffb127, type: 2}
      propertyPath: m_RootOrder
      value: 3
      objectReference: {fileID: 0}
    - target: {fileID: 1573414969787616, guid: 20b3a934bcd4d794a94f89d3beffb127, type: 2}
      propertyPath: m_IsActive
      value: 0
      objectReference: {fileID: 0}
    m_RemovedComponents: []
  m_ParentPrefab: {fileID: 100100000, guid: 20b3a934bcd4d794a94f89d3beffb127, type: 2}
  m_IsPrefabParent: 0
--- !u!1001 &1413247426
Prefab:
  m_ObjectHideFlags: 0
  serializedVersion: 2
  m_Modification:
    m_TransformParent: {fileID: 0}
    m_Modifications:
    - target: {fileID: 4051611581272032, guid: bcb94c762b42bb9489f0b72c7f3311dc, type: 2}
      propertyPath: m_LocalPosition.x
      value: -2.8781116
      objectReference: {fileID: 0}
    - target: {fileID: 4051611581272032, guid: bcb94c762b42bb9489f0b72c7f3311dc, type: 2}
      propertyPath: m_LocalPosition.y
      value: 1.0948428
      objectReference: {fileID: 0}
    - target: {fileID: 4051611581272032, guid: bcb94c762b42bb9489f0b72c7f3311dc, type: 2}
      propertyPath: m_LocalPosition.z
      value: 0
      objectReference: {fileID: 0}
    - target: {fileID: 4051611581272032, guid: bcb94c762b42bb9489f0b72c7f3311dc, type: 2}
      propertyPath: m_LocalRotation.x
      value: -0
      objectReference: {fileID: 0}
    - target: {fileID: 4051611581272032, guid: bcb94c762b42bb9489f0b72c7f3311dc, type: 2}
      propertyPath: m_LocalRotation.y
      value: -0
      objectReference: {fileID: 0}
    - target: {fileID: 4051611581272032, guid: bcb94c762b42bb9489f0b72c7f3311dc, type: 2}
      propertyPath: m_LocalRotation.z
      value: -0.40717903
      objectReference: {fileID: 0}
    - target: {fileID: 4051611581272032, guid: bcb94c762b42bb9489f0b72c7f3311dc, type: 2}
      propertyPath: m_LocalRotation.w
      value: 0.9133484
      objectReference: {fileID: 0}
    - target: {fileID: 4051611581272032, guid: bcb94c762b42bb9489f0b72c7f3311dc, type: 2}
      propertyPath: m_RootOrder
      value: 1
      objectReference: {fileID: 0}
    - target: {fileID: 114903656499932698, guid: bcb94c762b42bb9489f0b72c7f3311dc,
        type: 2}
      propertyPath: Player
      value: 
      objectReference: {fileID: 274784900}
    - target: {fileID: 114903656499932698, guid: bcb94c762b42bb9489f0b72c7f3311dc,
        type: 2}
      propertyPath: speed
      value: 0.1
      objectReference: {fileID: 0}
    - target: {fileID: 212828843485276978, guid: bcb94c762b42bb9489f0b72c7f3311dc,
        type: 2}
      propertyPath: m_SortingOrder
      value: 1
      objectReference: {fileID: 0}
    - target: {fileID: 114608313292406848, guid: bcb94c762b42bb9489f0b72c7f3311dc,
        type: 2}
      propertyPath: m_Enabled
      value: 0
      objectReference: {fileID: 0}
    - target: {fileID: 54410847550373790, guid: bcb94c762b42bb9489f0b72c7f3311dc,
        type: 2}
      propertyPath: m_Constraints
      value: 0
      objectReference: {fileID: 0}
    - target: {fileID: 4051611581272032, guid: bcb94c762b42bb9489f0b72c7f3311dc, type: 2}
      propertyPath: m_LocalEulerAnglesHint.z
      value: -48.055004
      objectReference: {fileID: 0}
    - target: {fileID: 54410847550373790, guid: bcb94c762b42bb9489f0b72c7f3311dc,
        type: 2}
      propertyPath: m_Drag
      value: 1
      objectReference: {fileID: 0}
    m_RemovedComponents:
    - {fileID: 114608313292406848, guid: bcb94c762b42bb9489f0b72c7f3311dc, type: 2}
  m_ParentPrefab: {fileID: 100100000, guid: bcb94c762b42bb9489f0b72c7f3311dc, type: 2}
  m_IsPrefabParent: 0
--- !u!1001 &1553106881
Prefab:
  m_ObjectHideFlags: 0
  serializedVersion: 2
  m_Modification:
    m_TransformParent: {fileID: 0}
    m_Modifications:
    - target: {fileID: 4241463701456302, guid: 7988e48f9a2f4294e8fb9aa1108a68ea, type: 2}
      propertyPath: m_LocalPosition.x
      value: 0
      objectReference: {fileID: 0}
    - target: {fileID: 4241463701456302, guid: 7988e48f9a2f4294e8fb9aa1108a68ea, type: 2}
      propertyPath: m_LocalPosition.y
      value: 0
      objectReference: {fileID: 0}
    - target: {fileID: 4241463701456302, guid: 7988e48f9a2f4294e8fb9aa1108a68ea, type: 2}
      propertyPath: m_LocalPosition.z
      value: 0
      objectReference: {fileID: 0}
    - target: {fileID: 4241463701456302, guid: 7988e48f9a2f4294e8fb9aa1108a68ea, type: 2}
      propertyPath: m_LocalRotation.x
      value: 0
      objectReference: {fileID: 0}
    - target: {fileID: 4241463701456302, guid: 7988e48f9a2f4294e8fb9aa1108a68ea, type: 2}
      propertyPath: m_LocalRotation.y
      value: 0
      objectReference: {fileID: 0}
    - target: {fileID: 4241463701456302, guid: 7988e48f9a2f4294e8fb9aa1108a68ea, type: 2}
      propertyPath: m_LocalRotation.z
      value: 0
      objectReference: {fileID: 0}
    - target: {fileID: 4241463701456302, guid: 7988e48f9a2f4294e8fb9aa1108a68ea, type: 2}
      propertyPath: m_LocalRotation.w
      value: 1
      objectReference: {fileID: 0}
    - target: {fileID: 4241463701456302, guid: 7988e48f9a2f4294e8fb9aa1108a68ea, type: 2}
      propertyPath: m_RootOrder
      value: 4
      objectReference: {fileID: 0}
    - target: {fileID: 114299989388555260, guid: 7988e48f9a2f4294e8fb9aa1108a68ea,
        type: 2}
      propertyPath: MaxPressTime
      value: 5
      objectReference: {fileID: 0}
    - target: {fileID: 1268497447749970, guid: 7988e48f9a2f4294e8fb9aa1108a68ea, type: 2}
      propertyPath: m_IsActive
      value: 1
      objectReference: {fileID: 0}
    m_RemovedComponents: []
  m_ParentPrefab: {fileID: 100100000, guid: 7988e48f9a2f4294e8fb9aa1108a68ea, type: 2}
  m_IsPrefabParent: 0
--- !u!1001 &1869443053
Prefab:
  m_ObjectHideFlags: 0
  serializedVersion: 2
  m_Modification:
    m_TransformParent: {fileID: 0}
    m_Modifications:
    - target: {fileID: 4844323626168508, guid: 48da096e7f68da441a51bf12d7cd0d61, type: 2}
      propertyPath: m_LocalPosition.x
      value: -4.15
      objectReference: {fileID: 0}
    - target: {fileID: 4844323626168508, guid: 48da096e7f68da441a51bf12d7cd0d61, type: 2}
      propertyPath: m_LocalPosition.y
      value: -5.73
      objectReference: {fileID: 0}
    - target: {fileID: 4844323626168508, guid: 48da096e7f68da441a51bf12d7cd0d61, type: 2}
      propertyPath: m_LocalPosition.z
      value: 0
      objectReference: {fileID: 0}
    - target: {fileID: 4844323626168508, guid: 48da096e7f68da441a51bf12d7cd0d61, type: 2}
      propertyPath: m_LocalRotation.x
      value: 0
      objectReference: {fileID: 0}
    - target: {fileID: 4844323626168508, guid: 48da096e7f68da441a51bf12d7cd0d61, type: 2}
      propertyPath: m_LocalRotation.y
      value: 0
      objectReference: {fileID: 0}
    - target: {fileID: 4844323626168508, guid: 48da096e7f68da441a51bf12d7cd0d61, type: 2}
      propertyPath: m_LocalRotation.z
      value: 0
      objectReference: {fileID: 0}
    - target: {fileID: 4844323626168508, guid: 48da096e7f68da441a51bf12d7cd0d61, type: 2}
      propertyPath: m_LocalRotation.w
      value: 1
      objectReference: {fileID: 0}
    - target: {fileID: 4844323626168508, guid: 48da096e7f68da441a51bf12d7cd0d61, type: 2}
      propertyPath: m_RootOrder
      value: 2
      objectReference: {fileID: 0}
    - target: {fileID: 1983808608210800, guid: 48da096e7f68da441a51bf12d7cd0d61, type: 2}
      propertyPath: m_IsActive
      value: 1
      objectReference: {fileID: 0}
    - target: {fileID: 65337899441880602, guid: 48da096e7f68da441a51bf12d7cd0d61,
        type: 2}
      propertyPath: m_Enabled
      value: 0
      objectReference: {fileID: 0}
    m_RemovedComponents: []
  m_ParentPrefab: {fileID: 100100000, guid: 48da096e7f68da441a51bf12d7cd0d61, type: 2}
  m_IsPrefabParent: 0
--- !u!1 &1988755126
GameObject:
  m_ObjectHideFlags: 0
  m_PrefabParentObject: {fileID: 0}
  m_PrefabInternal: {fileID: 0}
  serializedVersion: 5
  m_Component:
  - component: {fileID: 1988755129}
  - component: {fileID: 1988755128}
  - component: {fileID: 1988755127}
  m_Layer: 0
  m_Name: Bullet
  m_TagString: Untagged
  m_Icon: {fileID: 0}
  m_NavMeshLayer: 0
  m_StaticEditorFlags: 0
  m_IsActive: 1
--- !u!54 &1988755127
Rigidbody:
  m_ObjectHideFlags: 0
  m_PrefabParentObject: {fileID: 0}
  m_PrefabInternal: {fileID: 0}
  m_GameObject: {fileID: 1988755126}
  serializedVersion: 2
  m_Mass: 1
  m_Drag: 0
  m_AngularDrag: 0.05
  m_UseGravity: 0
  m_IsKinematic: 1
  m_Interpolate: 0
  m_Constraints: 0
  m_CollisionDetection: 0
--- !u!212 &1988755128
SpriteRenderer:
  m_ObjectHideFlags: 0
  m_PrefabParentObject: {fileID: 0}
  m_PrefabInternal: {fileID: 0}
  m_GameObject: {fileID: 1988755126}
  m_Enabled: 1
  m_CastShadows: 0
  m_ReceiveShadows: 0
  m_MotionVectors: 1
  m_LightProbeUsage: 0
  m_ReflectionProbeUsage: 0
  m_Materials:
  - {fileID: 10754, guid: 0000000000000000f000000000000000, type: 0}
  m_StaticBatchInfo:
    firstSubMesh: 0
    subMeshCount: 0
  m_StaticBatchRoot: {fileID: 0}
  m_ProbeAnchor: {fileID: 0}
  m_LightProbeVolumeOverride: {fileID: 0}
  m_ScaleInLightmap: 1
  m_PreserveUVs: 0
  m_IgnoreNormalsForChartDetection: 0
  m_ImportantGI: 0
  m_SelectedEditorRenderState: 0
  m_MinimumChartSize: 4
  m_AutoUVMaxDistance: 0.5
  m_AutoUVMaxAngle: 89
  m_LightmapParameters: {fileID: 0}
  m_SortingLayerID: 0
  m_SortingOrder: 0
  m_Sprite: {fileID: 21300000, guid: 931273f8375a3c54c9eea324c09735e5, type: 3}
  m_Color: {r: 1, g: 1, b: 1, a: 1}
  m_FlipX: 0
  m_FlipY: 0
--- !u!4 &1988755129
Transform:
  m_ObjectHideFlags: 0
  m_PrefabParentObject: {fileID: 0}
  m_PrefabInternal: {fileID: 0}
  m_GameObject: {fileID: 1988755126}
  m_LocalRotation: {x: -0, y: -0, z: -0, w: 1}
  m_LocalPosition: {x: -0.23, y: 3.63, z: 0}
  m_LocalScale: {x: 0.4, y: 0.4, z: 0.4}
  m_Children: []
  m_Father: {fileID: 0}
  m_RootOrder: 5
  m_LocalEulerAnglesHint: {x: 0, y: 0, z: 0}
--- !u!1 &2076570140
GameObject:
  m_ObjectHideFlags: 0
  m_PrefabParentObject: {fileID: 0}
  m_PrefabInternal: {fileID: 0}
  serializedVersion: 5
  m_Component:
  - component: {fileID: 2076570145}
  - component: {fileID: 2076570144}
  - component: {fileID: 2076570143}
  - component: {fileID: 2076570142}
  - component: {fileID: 2076570141}
  - component: {fileID: 2076570146}
  m_Layer: 0
  m_Name: Main Camera
  m_TagString: MainCamera
  m_Icon: {fileID: 0}
  m_NavMeshLayer: 0
  m_StaticEditorFlags: 0
  m_IsActive: 1
--- !u!81 &2076570141
AudioListener:
  m_ObjectHideFlags: 0
  m_PrefabParentObject: {fileID: 0}
  m_PrefabInternal: {fileID: 0}
  m_GameObject: {fileID: 2076570140}
  m_Enabled: 1
--- !u!124 &2076570142
Behaviour:
  m_ObjectHideFlags: 0
  m_PrefabParentObject: {fileID: 0}
  m_PrefabInternal: {fileID: 0}
  m_GameObject: {fileID: 2076570140}
  m_Enabled: 1
--- !u!92 &2076570143
Behaviour:
  m_ObjectHideFlags: 0
  m_PrefabParentObject: {fileID: 0}
  m_PrefabInternal: {fileID: 0}
  m_GameObject: {fileID: 2076570140}
  m_Enabled: 1
--- !u!20 &2076570144
Camera:
  m_ObjectHideFlags: 0
  m_PrefabParentObject: {fileID: 0}
  m_PrefabInternal: {fileID: 0}
  m_GameObject: {fileID: 2076570140}
  m_Enabled: 1
  serializedVersion: 2
  m_ClearFlags: 1
  m_BackGroundColor: {r: 0, g: 0, b: 0, a: 0}
  m_NormalizedViewPortRect:
    serializedVersion: 2
    x: 0
    y: 0
    width: 1
    height: 1
  near clip plane: 0.3
  far clip plane: 1000
  field of view: 60
  orthographic: 1
  orthographic size: 5
  m_Depth: -1
  m_CullingMask:
    serializedVersion: 2
    m_Bits: 4294967295
  m_RenderingPath: -1
  m_TargetTexture: {fileID: 0}
  m_TargetDisplay: 0
  m_TargetEye: 3
  m_HDR: 0
  m_OcclusionCulling: 1
  m_StereoConvergence: 10
  m_StereoSeparation: 0.022
  m_StereoMirrorMode: 0
--- !u!4 &2076570145
Transform:
  m_ObjectHideFlags: 0
  m_PrefabParentObject: {fileID: 0}
  m_PrefabInternal: {fileID: 0}
  m_GameObject: {fileID: 2076570140}
  m_LocalRotation: {x: 0, y: 0, z: 0, w: 1}
  m_LocalPosition: {x: -2.64, y: 0, z: -10}
  m_LocalScale: {x: 1, y: 1, z: 1}
  m_Children: []
  m_Father: {fileID: 0}
  m_RootOrder: 0
  m_LocalEulerAnglesHint: {x: 0, y: 0, z: 0}
--- !u!114 &2076570146
MonoBehaviour:
  m_ObjectHideFlags: 0
  m_PrefabParentObject: {fileID: 0}
  m_PrefabInternal: {fileID: 0}
  m_GameObject: {fileID: 2076570140}
  m_Enabled: 1
  m_EditorHideFlags: 0
  m_Script: {fileID: 11500000, guid: 43f3a2627a3b02846b05a82929947c92, type: 3}
  m_Name: 
  m_EditorClassIdentifier: 
  LerpT: 0.1
  Offset: -10
